<record><leader>00000cas a2200000 a 4500</leader><controlfield tag="001">32623013</controlfield><controlfield tag="008">950609d19uu1978cauwr ne      0    0eng c</controlfield><datafield ind1=" " ind2=" " tag="010"><subfield code="a">sn 95061092 </subfield></datafield><datafield ind1=" " ind2=" " tag="040"><subfield code="a">CNK</subfield><subfield code="b">eng</subfield><subfield code="c">CNK</subfield><subfield code="d">OCLCQ</subfield><subfield code="d">CNK</subfield><subfield code="d">OCLCQ</subfield><subfield code="d">OCLCF</subfield><subfield code="d">OCLCO</subfield></datafield><datafield ind1="1" ind2=" " tag="029"><subfield code="a">AU@</subfield><subfield code="b">000011782595</subfield></datafield><datafield ind1=" " ind2=" " tag="042"><subfield code="a">pcc</subfield></datafield><datafield ind1=" " ind2=" " tag="043"><subfield code="a">n-us-ca</subfield></datafield><datafield ind1="0" ind2=" " tag="130"><subfield code="a">Hesperia resorter (Hesperia, Calif. : 1969)</subfield></datafield><datafield ind1="1" ind2="0" tag="245"><subfield code="a">Hesperia resorter.</subfield></datafield><datafield ind1="3" ind2=" " tag="246"><subfield code="a">Resorter</subfield></datafield><datafield ind1="1" ind2="3" tag="246"><subfield code="a">Hesperia valley-wide resorter</subfield><subfield code="f">Oct. 1968-&lt;Dec. 1973&gt;</subfield></datafield><datafield ind1=" " ind2=" " tag="260"><subfield code="a">Hesperia, Calif. :</subfield><subfield code="b">Walters Publications</subfield></datafield><datafield ind1=" " ind2=" " tag="300"><subfield code="a">v.</subfield></datafield><datafield ind1=" " ind2=" " tag="310"><subfield code="a">Weekly,</subfield><subfield code="b">&lt;Mar. 2, 1967&gt;</subfield></datafield><datafield ind1=" " ind2=" " tag="321"><subfield code="a">Monthly,</subfield><subfield code="b">&lt;Apr. 1962&gt;-</subfield></datafield><datafield ind1="0" ind2=" " tag="362"><subfield code="a">-v. 19, no. 9 (Mar. 2, 1978).</subfield></datafield><datafield ind1=" " ind2=" " tag="500"><subfield code="a">"New valley-wide" appears above masthead title, July 25-Sept. 19, 1968; "Your valley-wide weekly" appears above masthead title, Sept. 29, 1968-&lt;Dec. 20, 1973&gt;</subfield></datafield><datafield ind1=" " ind2=" " tag="500"><subfield code="a">"Serving the entire Victor Valley, George AF Base, Summit Valley, and Cedar Springs area."</subfield></datafield><datafield ind1=" " ind2=" " tag="530"><subfield code="a">Positive films are available for duplication from:</subfield><subfield code="b">California Newspaper Microfilm Archive;</subfield><subfield code="c">copies may be purchased by the reel; for further information consult the CNMA at:</subfield><subfield code="u">http://cbsr.ucr.edu</subfield></datafield><datafield ind1=" " ind2=" " tag="588"><subfield code="a">Description based on: Vol. 3, no. 12 (Apr. 1962).</subfield></datafield><datafield ind1=" " ind2="0" tag="651"><subfield code="a">San Bernardino County (Calif.)</subfield><subfield code="v">Newspapers.</subfield></datafield><datafield ind1=" " ind2="0" tag="651"><subfield code="a">Victor Valley (Calif.)</subfield><subfield code="v">Newspapers.</subfield></datafield><datafield ind1=" " ind2="0" tag="651"><subfield code="a">Hesperia (Calif.)</subfield><subfield code="v">Newspapers.</subfield></datafield><datafield ind1=" " ind2="7" tag="655"><subfield code="a">Newspapers.</subfield><subfield code="2">fast</subfield><subfield code="0">(OCoLC)fst01423814</subfield></datafield><datafield ind1=" " ind2="7" tag="651"><subfield code="a">California</subfield><subfield code="z">Hesperia.</subfield><subfield code="2">fast</subfield><subfield code="0">(OCoLC)fst01217494</subfield></datafield><datafield ind1=" " ind2="7" tag="651"><subfield code="a">California</subfield><subfield code="z">San Bernardino County.</subfield><subfield code="2">fast</subfield><subfield code="0">(OCoLC)fst01207309</subfield></datafield><datafield ind1=" " ind2="7" tag="651"><subfield code="a">California</subfield><subfield code="z">Victor Valley.</subfield><subfield code="2">fast</subfield><subfield code="0">(OCoLC)fst01245857</subfield></datafield><datafield ind1=" " ind2=" " tag="752"><subfield code="a">United States</subfield><subfield code="b">California</subfield><subfield code="c">San Bernardino</subfield><subfield code="d">Hesperia.</subfield></datafield><datafield ind1="0" ind2="7" tag="785"><subfield code="t">Hesperian (Hesperia, Calif.)</subfield><subfield code="w">(DLC)sn 95061087</subfield></datafield><datafield ind1="0" ind2="7" tag="785"><subfield code="t">Hesperian-resorter</subfield><subfield code="w">(DLC)sn 95061097</subfield></datafield></record>